<?xml version="1.0" encoding="UTF-8"?>
<record xmlns="http://www.loc.gov/MARC21/slim" xmlns:xsi="http://www.w3.org/2001/XMLSchema-instance" xsi:schemaLocation="http://www.loc.gov/MARC21/slim http://www.loc.gov/standards/marcxml/schema/MARC21slim.xsd">
<leader>     cam a2200217 a 4500</leader>
<controlfield tag="001">001680498</controlfield>
<controlfield tag="003">NNU</controlfield>
<controlfield tag="005">20001218224151.0</controlfield>
<controlfield tag="008">801011q19041905ua            000 0cara d</controlfield>
<datafield tag="035" ind1="9" ind2=" ">
<subfield code="a">NYUb12223901</subfield>
</datafield>
<datafield tag="035" ind1=" " ind2=" ">
<subfield code="a">(NIC)notisAJZ5364</subfield>
</datafield>
<datafield tag="035" ind1=" " ind2=" ">
<subfield code="a">(CStRLIN)NYCXAJZ5364-B</subfield>
</datafield>
<datafield tag="040" ind1=" " ind2=" ">
<subfield code="a">NIC</subfield>
<subfield code="c">NIC</subfield>
</datafield>
<datafield tag="100" ind1="1" ind2=" ">
<subfield code="a">Daljī, Aḥmad ibn ʻAlī,</subfield>
<subfield code="d">1368?-1434 or 5.</subfield>
</datafield>
<datafield tag="245" ind1="1" ind2="3">
<subfield code="a">Al-falākah wa-al-maflūkūn /</subfield>
<subfield code="c">taʼlīf Aḥmad ibn ʻAlī al-Daljī.</subfield>
</datafield>
<datafield tag="260" ind1=" " ind2=" ">
<subfield code="a">[Cairo] :</subfield>
<subfield code="b">Maṭbaʻat al-Shaʻb,</subfield>
<subfield code="c">1322 [i. e. 1904 or 1905]</subfield>
</datafield>
<datafield tag="300" ind1=" " ind2=" ">
<subfield code="a">145 p. ;</subfield>
<subfield code="c">24 cm.</subfield>
</datafield>
<datafield tag="650" ind1=" " ind2="0">
<subfield code="a">Poverty</subfield>
<subfield code="x">Religious aspects</subfield>
<subfield code="x">Islam.</subfield>
</datafield>
<datafield tag="650" ind1=" " ind2="0">
<subfield code="a">Soul</subfield>
<subfield code="x">Islam.</subfield>
</datafield>
<datafield tag="OWN" ind1=" " ind2=" ">
<subfield code="a">GENERAL</subfield>
</datafield>
<datafield tag="950" ind1=" " ind2=" ">
<subfield code="l">BMAIN</subfield>
<subfield code="a">PJ7760.D3</subfield>
<subfield code="b">F3 1904</subfield>
</datafield>
<datafield tag="955" ind1=" " ind2=" ">
<subfield code="l">BMAIN</subfield>
<subfield code="c">1</subfield>
<subfield code="r">028860305</subfield>
</datafield>
<datafield tag="998" ind1=" " ind2=" ">
<subfield code="s">9115</subfield>
</datafield>
<datafield tag="AVA" ind1=" " ind2=" ">
<subfield code="a">NYU50</subfield>
<subfield code="b">BOBST</subfield>
<subfield code="c">Main Collection</subfield>
<subfield code="d">PJ7760.D3 F3 1904</subfield>
<subfield code="e">unavailable</subfield>
<subfield code="t">Unavailable</subfield>
<subfield code="f">1</subfield>
<subfield code="g">1</subfield>
<subfield code="h">N</subfield>
<subfield code="i">1</subfield>
<subfield code="j">MAIN</subfield>
</datafield>
</record>
